<marcxml:record xmlns:xlink="http://www.w3.org/1999/xlink" xmlns:marcxml="http://www.loc.gov/MARC21/slim" xmlns:mets="http://www.loc.gov/METS/" xmlns:mxe="http://www.loc.gov/mxe" xmlns:rdf="http://www.w3.org/1999/02/22-rdf-syntax-ns#" xmlns:rdfs="http://www.w3.org/2000/01/rdf-schema#" xmlns:skos="http://www.w3.org/2004/02/skos/core#" xmlns:madsrdf="http://www.loc.gov/mads/rdf/v1#" xmlns:ri="http://id.loc.gov/ontologies/RecordInfo#" xmlns:sem="http://marklogic.com/semantics">
  <marcxml:leader>00849cz  a2200193n  4500</marcxml:leader>
  <marcxml:controlfield tag="001">nr2001002280</marcxml:controlfield>
  <marcxml:controlfield tag="003">DLC</marcxml:controlfield>
  <marcxml:controlfield tag="005">20101119075254.0</marcxml:controlfield>
  <marcxml:controlfield tag="008">010122n| acannaabn          |a ana     c</marcxml:controlfield>
  <marcxml:datafield tag="010" ind1=" " ind2=" ">
    <marcxml:subfield code="a">nr2001002280</marcxml:subfield>
  </marcxml:datafield>
  <marcxml:datafield tag="035" ind1=" " ind2=" ">
    <marcxml:subfield code="a">(OCoLC)oca05402468</marcxml:subfield>
  </marcxml:datafield>
  <marcxml:datafield tag="040" ind1=" " ind2=" ">
    <marcxml:subfield code="a">NIC</marcxml:subfield>
    <marcxml:subfield code="b">eng</marcxml:subfield>
    <marcxml:subfield code="c">NIC</marcxml:subfield>
    <marcxml:subfield code="d">HU</marcxml:subfield>
  </marcxml:datafield>
  <marcxml:datafield tag="110" ind1="2" ind2=" ">
    <marcxml:subfield code="a">Villa Gamberaia (Florence, Italy)</marcxml:subfield>
  </marcxml:datafield>
  <marcxml:datafield tag="410" ind1="2" ind2=" ">
    <marcxml:subfield code="a">Villa Gamberaia (Settignano, Italy)</marcxml:subfield>
  </marcxml:datafield>
  <marcxml:datafield tag="410" ind1="1" ind2=" ">
    <marcxml:subfield code="a">Florence (Italy).</marcxml:subfield>
    <marcxml:subfield code="b">Villa Gamberaia</marcxml:subfield>
  </marcxml:datafield>
  <marcxml:datafield tag="410" ind1="1" ind2=" ">
    <marcxml:subfield code="a">Settignano (Italy).</marcxml:subfield>
    <marcxml:subfield code="b">Villa Gamberaia</marcxml:subfield>
  </marcxml:datafield>
  <marcxml:datafield tag="670" ind1=" " ind2=" ">
    <marcxml:subfield code="a">Edward G. Lawson papers, 1915-1937</marcxml:subfield>
    <marcxml:subfield code="b">(Villa Gamberaia)</marcxml:subfield>
  </marcxml:datafield>
  <marcxml:datafield tag="670" ind1=" " ind2=" ">
    <marcxml:subfield code="a">RLIN, 1/22/01</marcxml:subfield>
    <marcxml:subfield code="b">(hdgs.: Villa Gamberaia (Florence, Italy); Villa Gamberaia (Settignano, Italy); Settignano. Villa Gamberaia; Florence. Villa Gamberaia; Florence (Italy). Villa Gamberaia; usage: Villa Gamberaia; Gamberaia)</marcxml:subfield>
  </marcxml:datafield>
  <marcxml:datafield tag="670" ind1=" " ind2=" ">
    <marcxml:subfield code="a">LC in RLIN, 1/22/01</marcxml:subfield>
    <marcxml:subfield code="b">(hdg.: Florence. Villa Gamberaia; usage: Gamberaia)</marcxml:subfield>
  </marcxml:datafield>
</marcxml:record>
